<record><leader>00000cas a22000007a 4500</leader><controlfield tag="001">20939111</controlfield><controlfield tag="008">900122d19401941mnuwr ne      0    0eng d</controlfield><datafield ind1=" " ind2=" " tag="010"><subfield code="a">sn 89064360 </subfield></datafield><datafield ind1=" " ind2=" " tag="040"><subfield code="a">MN#</subfield><subfield code="b">eng</subfield><subfield code="c">MN#</subfield><subfield code="d">OCLCQ</subfield><subfield code="d">OCLCF</subfield><subfield code="d">OCLCO</subfield></datafield><datafield ind1=" " ind2=" " tag="042"><subfield code="a">msc</subfield></datafield><datafield ind1=" " ind2=" " tag="043"><subfield code="a">n-us-mn</subfield></datafield><datafield ind1=" " ind2=" " tag="052"><subfield code="a">4144</subfield><subfield code="b">P35</subfield></datafield><datafield ind1=" " ind2=" " tag="052"><subfield code="a">4143</subfield><subfield code="b">O6</subfield></datafield><datafield ind1="0" ind2="4" tag="245"><subfield code="a">The Perham graphic.</subfield></datafield><datafield ind1=" " ind2=" " tag="260"><subfield code="a">Perham, Minn. :</subfield><subfield code="b">Ruben Reiersgord,</subfield><subfield code="c">1940-1941.</subfield></datafield><datafield ind1=" " ind2=" " tag="300"><subfield code="a">2 v.</subfield></datafield><datafield ind1=" " ind2=" " tag="310"><subfield code="a">Weekly</subfield></datafield><datafield ind1="0" ind2=" " tag="362"><subfield code="a">Vol. 14, no. 42 (Aug. 8, 1940)-v. 14 [i.e. v. 15], no. 43 (Aug. 28, 1941).</subfield></datafield><datafield ind1=" " ind2=" " tag="530"><subfield code="a">Available on microfilm from the Minnesota Historical Society.</subfield></datafield><datafield ind1=" " ind2="0" tag="651"><subfield code="a">Perham (Minn.)</subfield><subfield code="v">Newspapers.</subfield></datafield><datafield ind1=" " ind2="7" tag="655"><subfield code="a">Newspapers.</subfield><subfield code="2">fast</subfield><subfield code="0">(OCoLC)fst01423814</subfield></datafield><datafield ind1=" " ind2="7" tag="651"><subfield code="a">Minnesota</subfield><subfield code="z">Perham.</subfield><subfield code="2">fast</subfield><subfield code="0">(OCoLC)fst01253881</subfield></datafield><datafield ind1=" " ind2=" " tag="752"><subfield code="a">United States</subfield><subfield code="b">Minnesota</subfield><subfield code="c">Otter Tail</subfield><subfield code="d">Perham.</subfield></datafield><datafield ind1="0" ind2="0" tag="780"><subfield code="t">Graphic (Perham, Minn.)</subfield><subfield code="w">(DLC)sn 89064359</subfield></datafield><datafield ind1="0" ind2="4" tag="785"><subfield code="t">Perham enterprise and bulletin</subfield><subfield code="w">(DLC)sn 83016757</subfield></datafield></record>